%% LaTeX2e file `lit.bib'
%% generated by the `filecontents' environment
%% from source `proposal' on 2024/03/24.
%%

%% It's published, actually :)
 @article{paper,
  author = "Ruslan Popov and Nadiia Karpenko",
  title = "Automatic solving of physics word problems",
  year = "2024",
 }
